@article{DeloneMcLean2003ISSuccessTenYearUpdate,
    author = {Delone, McLean},
    title = {The DeLone and McLean Model of Information Systems Success: A Ten-Year Update},
    journal = {Journal of Management Information Systems},
    year = {2003}
}

@article{Davis1989MISQ,
  author = {Davis, Fred D.},
  title = {Perceived Usefulness, Perceived Ease of Use, and User Acceptance of Information Technology},
  journal = {MIS Quarterly},
  volume = {13},
  number = {3},
  year = {1989},
  publisher = {Management Information Systems Research Center, University of Minnesota}
}

@inproceedings{Sahin2024LLM_proceedings,
  author    = {{\c{S}}ahin, G{\"u}rkan and Varol, Karya and Pak, Burcu Kuleli},
  title     = {{LLM and RAG-Based Question Answering Assistant for Enterprise Knowledge Management}},
  booktitle = {2024 9th International Conference on Computer Science and Engineering (UBMK)},
  year      = {2024},
  publisher = {IEEE}
}

@misc{Brandt2023,
  title        = {Wie lange brauchen Online-Dienste, um eine Million Menschen zu erreichen},
  author       = {Brandt, Mathias},
  year         = 2023,
  note         = {\url{[https://de.statista.com/infografik/29195/zeitraum-den-online-dienste-gebraucht-haben-um-eine-million-nutzer-zu-erreichen/](https://de.statista.com/infografik/29195/zeitraum-den-online-dienste-gebraucht-haben-um-eine-million-nutzer-zu-erreichen/)} [Zugriff am: 2025-07-31]}
}

@misc{Huber2025,
  title        = {ChatGPT Nutzerzahlen (Stand Juni 2025)},
  author       = {Huber, Sandro},
  year         = 2025,
  note         = {\url{[https://www.sh-digital.ch/blog/chatgpt-nutzerzahlen](https://www.sh-digital.ch/blog/chatgpt-nutzerzahlen)} [Zugriff am: 2025-07-31]}
}

@misc{McKinsey2023,
  title        = {GenAI's implications for Germany's labor market},
  author       = {McKinsey \& Company},
  year         = 2023,
  note         = {\url{[https://www.mckinsey.com/de/~/media/mckinsey/locations/europe\%20and\%20middle\%20east/deutschland/news/presse/2023/2023-11-24\%20genai\%20implikationen\%20deutschlands\%20arbeitsmarkt/en_mckinsey_genai_implications_germany_labor_market.pdf](https://www.mckinsey.com/de/~/media/mckinsey/locations/europe\%20and\%20middle\%20east/deutschland/news/presse/2023/2023-11-24\%20genai\%20implikationen\%20deutschlands\%20arbeitsmarkt/en_mckinsey_genai_implications_germany_labor_market.pdf)} [Zugriff am: 2025-07-31]}
}

@misc{GoogleCloudRAG,
  title        = {What is Retrieval-Augmented Generation (RAG)?},
  author       = {{Google Cloud}},
  year         = {2025},
  howpublished = {\url{https://cloud.google.com/use-cases/retrieval-augmented-generation?hl=en}},
  note         = {Accessed: 2025-07-31}
}

@article{Bruckhaus2024RAG,
  author  = {Bruckhaus, Tilmann},
  title   = {RAG Does Not Work for Enterprises},
  year    = {2024},
  journal = {arXiv preprint arXiv:2406.04369}
}

@inproceedings{Barnett_Kurniawan_Thudumu_Brannelly_Abdelrazek_2024,
    title={Seven failure points when engineering a retrieval augmented generation system},
    DOI={10.1145/3644815.3644945},
    journal={Proceedings of the IEEE/ACM 3rd International Conference on AI Engineering - Software Engineering for AI},
    author={Barnett, Scott and Kurniawan, Stefanus and Thudumu, Srikanth and Brannelly, Zach and Abdelrazek, Mohamed},
    year={2024},
    month={Apr}
}

@inproceedigs{Es_James_Espinosa_Anke_Schockaert_2024,
    title={Ragas: Automated Evaluation of retrieval augmented generation},
    DOI={10.18653/v1/2024.eacl-demo.16},
    journal={Proceedings of the 18th Conference of the European Chapter of the Association for Computational Linguistics: System Demonstrations},
    author={Es, Shahul and James, Jithin and Espinosa Anke, Luis and Schockaert, Steven},
    year={2024},
}

@inproceedings{Saad_Falcon_Khattab_Potts_Zaharia_2024,
    title={Ares: An automated evaluation framework for retrieval-augmented generation systems},
    DOI={10.18653/v1/2024.naacl-long.20},
    journal={Proceedings of the 2024 Conference of the North American Chapter of the Association for Computational Linguistics: Human Language Technologies (Volume 1: Long Papers)},
    author={Saad-Falcon, Jon and Khattab, Omar and Potts, Christopher and Zaharia, Matei},
    year={2024}
} 

@article{Peffers01122007,
    author = {Ken Peffers and Tuure Tuunanen and Marcus A. Rothenberger and Samir Chatterjee},  
    title = {A Design Science Research Methodology for Information Systems Research},
    journal = {Journal of Management Information Systems},
    volume = {24},
    number = {3},
    year = {2007},
    publisher = {Routledge},
    doi = {10.2753/MIS0742-1222240302},
    URL = {https://doi.org/10.2753/MIS0742-1222240302},
    eprint = {https://doi.org/10.2753/MIS0742-1222240302}
}